@inproceedings{DBLP:conf/stoc/IndykM98,
  author    = {Piotr Indyk and Rajeev Motwani},
  title     = {Approximate Nearest Neighbors: Towards Removing the Curse of Dimensionality},
  booktitle = {Proceedings of the Thirtieth Annual {ACM} Symposium on the Theory of Computing, Dallas, Texas, USA, May 23-26, 1998},
  pages     = {604--613},
  year      = {1998},
  crossref  = {DBLP:conf/stoc/1998},
  url       = {http://doi.acm.org/10.1145/276698.276876},
  doi       = {10.1145/276698.276876},
  timestamp = {Thu, 16 Feb 2012 12:06:54 +0100},
  biburl    = {http://dblp.uni-trier.de/rec/bib/conf/stoc/IndykM98},
  bibsource = {dblp computer science bibliography, http://dblp.org}
}

@proceedings{DBLP:conf/stoc/1998,
  editor    = {Jeffrey Scott Vitter},
  title     = {Proceedings of the Thirtieth Annual {ACM} Symposium on the Theory of Computing, Dallas, Texas, USA, May 23-26, 1998},
  publisher = {{ACM}},
  year      = {1998},
  isbn      = {0-89791-962-9},
  timestamp = {Mon, 17 Oct 2011 15:55:10 +0200},
  biburl    = {http://dblp.uni-trier.de/rec/bib/conf/stoc/1998},
  bibsource = {dblp computer science bibliography, http://dblp.org}
}

@article{DBLP:journals/corr/Pagh15,
  author    = {Rasmus Pagh},
  title     = {Locality-sensitive Hashing without False Negatives},
  journal   = {CoRR},
  volume    = {abs/1507.03225},
  year      = {2015},
  url       = {http://arxiv.org/abs/1507.03225},
  timestamp = {Sun, 02 Aug 2015 18:42:02 +0200},
  biburl    = {http://dblp.uni-trier.de/rec/bib/journals/corr/Pagh15},
  bibsource = {dblp computer science bibliography, http://dblp.org}
}

@article{DBLP:journals/corr/PhamP16,
  author    = {Ninh Pham and Rasmus Pagh},
  title     = {Scalability and Total Recall with Fast CoveringLSH},
  journal   = {CoRR},
  volume    = {abs/1602.02620},
  year      = {2016},
  url       = {http://arxiv.org/abs/1602.02620},
  timestamp = {Tue, 01 Mar 2016 17:47:25 +0100},
  biburl    = {http://dblp.uni-trier.de/rec/bib/journals/corr/PhamP16},
  bibsource = {dblp computer science bibliography, http://dblp.org}
}

@book{DBLP:books/cu/LeskovecRU14,
  author    = {Jure Leskovec and Anand Rajaraman and Jeffrey D. Ullman},
  title     = {Mining of Massive Datasets, 2nd Ed},
  publisher = {Cambridge University Press},
  year      = {2014},
  isbn      = {978-1107077232},
  timestamp = {Mon, 27 Jul 2015 13:16:21 +0200},
  biburl    = {http://dblp.uni-trier.de/rec/bib/books/cu/LeskovecRU14},
  bibsource = {dblp computer science bibliography, http://dblp.org}
}
